@article{strogatz1998nonlinear,
  title={Nonlinear dynamics: Death by delay},
  author={Strogatz, Steven H},
  journal={Nature},
  volume={394},
  number={6691},
  pages={316},
  year={1998},
  publisher={Nature Publishing Group}
}

@article{ha1996trajectory,
  title={Trajectory tracking control for navigation of the inverse pendulum type self-contained mobile robot},
  author={Ha, Yun-Su and others},
  journal={Robotics and autonomous systems},
  volume={17},
  number={1-2},
  pages={65--80},
  year={1996},
  publisher={Elsevier}
}

@article{grasser2002joe,
  title={JOE: a mobile, inverted pendulum},
  author={Grasser, Felix and D'arrigo, Aldo and Colombi, Silvio and Rufer, Alfred C},
  journal={IEEE Transactions on industrial electronics},
  volume={49},
  number={1},
  pages={107--114},
  year={2002},
  publisher={IEEE}
}

@book{vidyasagar2002nonlinear,
  title={Nonlinear systems analysis},
  author={Vidyasagar, Mathukumalli},
  volume={42},
  year={2002},
  publisher={Siam}
}

@article{marz1992numerical,
  title={Numerical methods for differential algebraic equations},
  author={M{\"a}rz, Roswitha},
  journal={Acta numerica},
  volume={1},
  pages={141--198},
  year={1992},
  publisher={Cambridge University Press}
}

